@article{iacoviello2005house,
  title={House prices, borrowing constraints, and monetary policy in the business cycle},
  author={Iacoviello, Matteo},
  journal={American economic review},
  volume={95},
  number={3},
  pages={739--764},
  year={2005}
}

@incollection{gertler2010financial,
  title={Financial intermediation and credit policy in business cycle analysis},
  author={Gertler, Mark and Kiyotaki, Nobuhiro},
  booktitle={Handbook of monetary economics},
  volume={3},
  pages={547--599},
  year={2010},
  publisher={Elsevier}
}

@article{gertler2011model,
  title={A model of unconventional monetary policy},
  author={Gertler, Mark and Karadi, Peter},
  journal={Journal of monetary Economics},
  volume={58},
  number={1},
  pages={17--34},
  year={2011},
  publisher={Elsevier}
}

@article{iacoviello2015financial,
  title={Financial business cycles},
  author={Iacoviello, Matteo},
  journal={Review of Economic Dynamics},
  volume={18},
  number={1},
  pages={140--163},
  year={2015},
  publisher={Elsevier}
}

@article{zhang2019household,
  title={Household debt, financial intermediation, and monetary policy},
  author={Zhang, Yahong},
  journal={Journal of Macroeconomics},
  volume={59},
  pages={230--257},
  year={2019},
  publisher={Elsevier}
}

@article{lozej2018countercyclical,
  title={Countercyclical capital regulation in a small open economy DSGE model},
  author={Lozej, Matija and Onorante, Luca and Rannenberg, Ansgar},
  year={2018},
  journal={ECB Working Paper}
}

@article{liu2021credit,
  title={Credit expansion, bank liberalization, and structural change in bank asset accounts},
  author={Liu, Keqing and Fan, Qingliang},
  journal={Journal of Economic Dynamics and Control},
  volume={124},
  pages={104066},
  year={2021},
  publisher={Elsevier}
}

@book{gali2015monetary,
  title={Monetary policy, inflation, and the business cycle: an introduction to the new Keynesian framework and its applications},
  author={Gal{\'\i}, Jordi},
  year={2015},
  publisher={Princeton University Press}
}

@book{woodford2011interest,
  title={Interest and prices: Foundations of a theory of monetary policy},
  author={Woodford, Michael},
  year={2011},
  publisher={princeton university press}
}

@book{miao2020economic,
  title={Economic dynamics in discrete time},
  author={Miao, Jianjun},
  year={2020},
  publisher={MIT press}
}

@incollection{fernandez2016solution,
  title={Solution and estimation methods for DSGE models},
  author={Fern{\'a}ndez-Villaverde, Jes{\'u}s and Rubio-Ram{\'\i}rez, Juan Francisco and Schorfheide, Frank},
  booktitle={Handbook of macroeconomics},
  volume={2},
  pages={527--724},
  year={2016},
  publisher={Elsevier}
}

@incollection{fernandez2016solution,
  title={Solution and estimation methods for DSGE models},
  author={Fern{\'a}ndez-Villaverde, Jes{\'u}s and Rubio-Ram{\'\i}rez, Juan Francisco and Schorfheide, Frank},
  booktitle={Handbook of macroeconomics},
  volume={2},
  pages={527--724},
  year={2016},
  publisher={Elsevier}
}

@article{kydland1982time,
  title={Time to build and aggregate fluctuations},
  author={Kydland, Finn E and Prescott, Edward C},
  journal={Econometrica},
  pages={1345--1370},
  year={1982},
  publisher={JSTOR}
}

@incollection{gertler2010financial,
  title={Financial intermediation and credit policy in business cycle analysis},
  author={Gertler, Mark and Kiyotaki, Nobuhiro},
  booktitle={Handbook of monetary economics},
  volume={3},
  pages={547--599},
  year={2010},
  publisher={Elsevier}
}

@article{gertler2011model,
  title={A model of unconventional monetary policy},
  author={Gertler, Mark and Karadi, Peter},
  journal={Journal of monetary Economics},
  volume={58},
  number={1},
  pages={17--34},
  year={2011},
  publisher={Elsevier}
}

@article{long1983real,
  title={Real business cycles},
  author={Long Jr, John B and Plosser, Charles I},
  journal={Journal of Political Economy},
  volume={91},
  number={1},
  pages={39--69},
  year={1983},
  publisher={The University of Chicago Press}
}


@book{gali2015monetary,
  title={Monetary policy, inflation, and the business cycle: an introduction to the new Keynesian framework and its applications},
  author={Gali, Jordi},
  year={2015},
  publisher={Princeton University Press}
}

@book{woodford2011interest,
  title={Interest and prices: Foundations of a theory of monetary policy},
  author={Woodford, Michael},
  year={2011},
  publisher={Princeton University Press}
}

@book{miao2020economic,
  title={Economic dynamics in discrete time},
  author={Miao, Jianjun},
  year={2020},
  publisher={MIT press}
}

@article{smets2007shocks,
  title={Shocks and frictions in US business cycles: A Bayesian DSGE approach},
  author={Smets, Frank and Wouters, Rafael},
  journal={American economic review},
  volume={97},
  number={3},
  pages={586--606},
  year={2007}
}

@article{den1990solving,
  title={Solving the stochastic growth model by parameterizing expectations},
  author={Den Haan, Wouter J and Marcet, Albert},
  journal={Journal of Business \& Economic Statistics},
  volume={8},
  number={1},
  pages={31--34},
  year={1990},
  publisher={Taylor \& Francis}
}

@book{judd1998numerical,
  title={Numerical methods in economics},
  author={Judd, Kenneth L},
  year={1998},
  publisher={MIT press}
}

@TechReport{Adjemianetal2011,
  author      = {Adjemian, St\'ephane and Bastani, Houtan and
                 Juillard, Michel and Karam\'e, Fr\'ederic and
                 Maih, Junior and Mihoubi, Ferhat and Mutschler, Willi
                 and Perendia, George and Pfeifer, Johannes and
                 Ratto, Marco and Villemot, S\'ebastien},
  title       = {Dynare: Reference Manual Version 4},
  year        = {2011},
  institution = {CEPREMAP},
  type        = {Dynare Working Papers},
  number      = {1},
}

@article{bernanke1999financial,
  title={The financial accelerator in a quantitative business cycle framework},
  author={Bernanke, Ben S and Gertler, Mark and Gilchrist, Simon},
  journal={Handbook of macroeconomics},
  volume={1},
  pages={1341--1393},
  year={1999},
  publisher={Elsevier}
}

@article{townsend1979optimal,
  title={Optimal contracts and competitive markets with costly state verification},
  author={Townsend, Robert M},
  journal={Journal of Economic theory},
  volume={21},
  number={2},
  pages={265--293},
  year={1979},
  publisher={Elsevier}
}